<collection xmlns="http://www.loc.gov/MARC21/slim">
   <record>
      <leader>03873nam a2200409 i 4500</leader>
      <controlfield tag="001">6748958</controlfield>
      <controlfield tag="003">FlBoTFG</controlfield>
      <controlfield tag="005">20141121161956.0</controlfield>
      <controlfield tag="006">m|||||o||d||||||||</controlfield>
      <controlfield tag="007">cr||||</controlfield>
      <controlfield tag="008">141121t20152015fluad   ob    001 0 eng d</controlfield>
      <datafield ind1=" " ind2=" " tag="020">
         <subfield code="a">9781482214895 (e-book : PDF)</subfield>
      </datafield>
      <datafield ind1=" " ind2=" " tag="035">
         <subfield code="a">ocn893735702</subfield>
      </datafield>
      <datafield ind1=" " ind2=" " tag="039">
         <subfield code="a">exclude</subfield>
      </datafield>
      <datafield ind1=" " ind2=" " tag="040">
         <subfield code="a">FlBoTFG</subfield>
         <subfield code="b">eng</subfield>
         <subfield code="c">FlBoTFG</subfield>
         <subfield code="e">rda</subfield>
         <subfield code="d">AEU</subfield>
      </datafield>
      <datafield ind1=" " ind2=" " tag="043">
         <subfield code="a">zo-----</subfield>
      </datafield>
      <datafield ind1=" " ind2="4" tag="050">
         <subfield code="a">QB600.33</subfield>
         <subfield code="b">.P53 2015</subfield>
      </datafield>
      <datafield ind1=" " ind2=" " tag="090">
         <subfield code="a">Internet Access</subfield>
         <subfield code="b">AEU</subfield>
      </datafield>
      <datafield ind1="0" ind2="0" tag="245">
         <subfield code="a">Planetary geodesy and remote sensing /</subfield>
         <subfield code="c">edited by Shuanggen Jin.</subfield>
      </datafield>
      <datafield ind1=" " ind2="1" tag="264">
         <subfield code="a">Boca Raton :</subfield>
         <subfield code="b">CRC Press,</subfield>
         <subfield code="c">[2015]</subfield>
      </datafield>
      <datafield ind1=" " ind2="4" tag="264">
         <subfield code="c">©2015</subfield>
      </datafield>
      <datafield ind1=" " ind2=" " tag="300">
         <subfield code="a">1 online resource.</subfield>
      </datafield>
      <datafield ind1=" " ind2=" " tag="336">
         <subfield code="a">text</subfield>
         <subfield code="2">rdacontent</subfield>
         <subfield code="0">http://id.loc.gov/vocabulary/contentTypes/txt</subfield>
      </datafield>
      <datafield ind1=" " ind2=" " tag="337">
         <subfield code="a">computer</subfield>
         <subfield code="2">rdamedia</subfield>
         <subfield code="0">http://id.loc.gov/vocabulary/mediaTypes/c</subfield>
      </datafield>
      <datafield ind1=" " ind2=" " tag="338">
         <subfield code="a">online resource</subfield>
         <subfield code="2">rdacarrier</subfield>
         <subfield code="0">http://id.loc.gov/vocabulary/carriers/cr</subfield>
      </datafield>
      <datafield ind1=" " ind2=" " tag="504">
         <subfield code="a">Includes bibliographical references and index.</subfield>
      </datafield>
      <datafield ind1="0" ind2=" " tag="505">
         <subfield code="a">Lunar geodesy and sensing : methods and results from recent lunar exploration missions / Shuanggen Jin, Sundaram Arivazhagan and Tengyu Zhang -- Improvement of Chang'E-1 orbit accuracy by differential and space VLBI / Wei Yan, Shuanggen Jin and Erhu Wei -- Laser altimetry and its applications in planetary science / Hauke Hussmann -- Photogrammetric processing of Chang'E-1 and Chang'E-2 STEREO imagery for lunar topographic mapping / Kaichang Di, Yiliang Liu, Bin Liu and Man Peng -- Integration and coregistration of multisource lunar topographic data sets for synergistic use / Bo Wu, Jian Guo and Han Hu -- Estimates of the major elemental abundances with Chang'E-1 interference imaging spectrometer data / Yunzhao Wu -- Lunar clinopyroxene abundance retrieved from M3 data based on topographic correction / Pengju Guo [and five others] -- Martian minerals and rock components from MRO CRISM hyperspectral images / Yansong Xue and Shuanggen Jin -- Anomalous brightness temperature in lunar poles based on the SVD method from Chang'E-2 MRM data / Yi Lian [and five others] -- Mercury's magnetic field in the MESSENGER era / Johannes Wicht and Daniel Heyner -- Lunar gravity field determination from Chang'E-1 and other missions' data / Jianguo Yan, Fie Li and Koji Matsumoto -- Martian crust thickness and structure from gravity and topography / Tengyu Zhang, Shuanggen Jin and Robert Tenzer -- Theory of the physical libration of the moon with a liquid core / Yuri Barkin [and five others].</subfield>
      </datafield>
      <datafield ind1=" " ind2=" " tag="520">
         <subfield code="a">"Written by international scientists well established in the planetary science and remote sensing fields, this book presents recent developments of planetary exploration techniques. It covers the latest results in planetary science, including theory, methods, measurements, topography, gravity and magnetic field, atmosphere and ionosphere, geomorphology, volcano, craters, internal structure, and water. The book also highlights comparative studies with the earth in the atmosphere, geomorphology, and interiors of the planets. It discusses future missions and future objectives of planetary exploration and science using the latest advances in remote sensing"--</subfield>
         <subfield code="c">Provided by publisher.</subfield>
      </datafield>
      <datafield ind1=" " ind2=" " tag="596">
         <subfield code="a">44</subfield>
      </datafield>
      <datafield ind1=" " ind2="0" tag="650">
         <subfield code="a">Planetary geographic information systems.</subfield>
         <subfield code="0">http://id.loc.gov/authorities/subjects/sh2002010588</subfield>
      </datafield>
      <datafield ind1=" " ind2="0" tag="651">
         <subfield code="a">Outer space</subfield>
         <subfield code="x">Exploration</subfield>
         <subfield code="x">Technological innovations.</subfield>
      </datafield>
      <datafield ind1="1" ind2=" " tag="700">
         <subfield code="a">Jin, Shuanggen,</subfield>
         <subfield code="e">editor.</subfield>
         <subfield code="0">http://id.loc.gov/authorities/names/nb2013027707</subfield>
         <subfield code="0">http://viaf.org/viaf/305838997</subfield>
      </datafield>
      <datafield ind1=" " ind2=" " tag="758">
         <subfield code="0">http://worldcat.org/entity/work/id/24492055</subfield>
      </datafield>
      <datafield ind1="0" ind2=" " tag="787">
         <subfield code="n">OCLC Work Id</subfield>
         <subfield code="o">http://worldcat.org/entity/work/id/24492055</subfield>
      </datafield>
      <datafield ind1="4" ind2="0" tag="856">
         <subfield code="3">University of Alberta Access</subfield>
         <subfield code="u">http://marc.crcnetbase.com/isbn/9781482214895</subfield>
         <subfield code="z">(Unlimited Concurrent Users)</subfield>
      </datafield>
      <datafield ind1=" " ind2=" " tag="949">
         <subfield code="h">UAIN</subfield>
         <subfield code="z">CRC</subfield>
      </datafield>
      <datafield ind1=" " ind2=" " tag="926">
         <subfield code="a">Internet Access</subfield>
         <subfield code="w">LC</subfield>
         <subfield code="c">1</subfield>
         <subfield code="i">6748958-1001</subfield>
         <subfield code="l">INTERNET</subfield>
         <subfield code="m">UAINTERNET</subfield>
         <subfield code="r">Y</subfield>
         <subfield code="s">Y</subfield>
         <subfield code="t">E-RESOURCE</subfield>
         <subfield code="u">12/2/2014</subfield>
         <subfield code="x">E-BOOK</subfield>
         <subfield code="z">CRC</subfield>
      </datafield>
   </record>
</collection>
